@article{1,
  author = {Tomasz Hejmej},
  title = {Lorem Ipsum},
  journal = {\href{https://pl.lipsum.com/}{https://pl.lipsum.com/}},
  pages = {Strona główna},
}
@book{2,
  author = {Robert Kowalczyk, Kamil Niedziałomski, Cezary Obczyński},
  title = {Całki. Metody rozwiązywania zadań},
  year = {2012},
  volume = {Tom 1},
  pages = {253-256},
  month = {08},
  note = {Książka o całkach}
}
@article{3,
  author = {Praca zbiorowa},
  title = {Karol Strasburger},
  journal = {\href{https://pl.wikipedia.org/wiki/Karol_Strasburger}{Wikipedia}},
  note = {Artykół na Wikipedii, stale aktualizowany}
}
@inproceedings{4,
 author = {Stanisław Czachorowski},
 title = {Wykład inauguracyjny – Autoprezentacja},
 year = {1995},
 % booktitle = {brak},
}
@unpublished{5,
 author = {Michał Kopczewski},
 title = {Bez tytułu},
 year = {2020},
 note = {Publikacja w trakcie tworzenia.},
}
@manual{6,
 author = {Praca zbiorowa},
 title = {Manual polecenia ls},
 year = {1995},
 note = {\href{https://man7.org/linux/man-pages/man1/ls.1.html}{Link do manuala}},
 }
